%-----------------------------------LICENSE------------------------------------%
%   This file is part of math_notes.                                           %
%                                                                              %
%   math_notes is free software: you can redistribute it and/or                %
%   modify it under the terms of the GNU General Public License as             %
%   published by the Free Software Foundation, either version 3 of the         %
%   License, or (at your option) any later version.                            %
%                                                                              %
%   math_notes is distributed in the hope that it will be useful,              %
%   but WITHOUT ANY WARRANTY; without even the implied warranty of             %
%   MERCHANTABILITY or FITNESS FOR A PARTICULAR PURPOSE.  See the              %
%   GNU General Public License for more details.                               %
%                                                                              %
%   You should have received a copy of the GNU General Public License along    %
%   with math_notes.  If not, see <https://www.gnu.org/licenses/>.             %
%------------------------------------------------------------------------------%
@article{
    BuchmannQuaternionHistory,
    author = {Amy Buchmann},
    title = "{
        A Brief History of Quaternions and of the Theory of
        Holomorphic Functions of Quaternion Variables
    }",
    journal = {arxiv},
    year = {2009}
}
@article{
    HamiltonOnQuaternions,
    author = {William Rowan Hamilton},
    title = "{On Quaternions}",
    journal = {Proceedings of the Royal Irish Academy},
    year = {1847},
}
@book{
    HamiltonElementsOfQuaternions,
    author = {William Rowan Hamilton},
    title = "{Elements of Quaternions}",
    publisher = {Longmans, Green, and Co.},
    year = {1866},
    editor = "{William Edwin Hamilton}"
}
@book{
    LamNonCommutativeRings,
    author = {T. Y. Lam},
    title = "{A First Course in Noncommutative Rings}",
    publisher = {Springer},
    year = {1991}
}
@book{
    SchaferNonassociativeAlgebras,
    author = {Richard D. Schafer},
    title = "{An Introduction to Nonassociative Algebras}",
    publisher = {Academic Press},
    year = {1966}
}
